<?xml version="1.0" encoding="UTF-8"?><collection xmlns="http://www.loc.gov/MARC21/slim"><record><leader>00356nam--2200121-i-4500</leader><controlfield tag="001">000028147</controlfield><controlfield tag="002">20161230</controlfield><controlfield tag="005">20161230201037</controlfield><controlfield tag="008">060222s1000------------r-----000-0-eng-d</controlfield><datafield ind1=" " ind2=" " tag="100"><subfield code="a">Leiber, Carl-otto</subfield></datafield><datafield ind1=" " ind2=" " tag="245"><subfield code="a">Der druckeinfluss bei reaktionen elektronisch angeregter molekule in losung</subfield></datafield><datafield ind1=" " ind2=" " tag="260"><subfield code="a">Stuttgart, Technische Hochschule, 1963, 73p</subfield></datafield><datafield ind1=" " ind2=" " tag="852"><subfield code="a">9610</subfield></datafield></record></collection>